@MANUAL{svgspec,
    title = "Scalable Vector Graphics (SVG) 1.1 Specification {[online]}",
    organization = "WWW Consorcium",
    url = "http://www.w3.org/TR/2003/REC-SVG11-20030114/",
    note = "[cit. 2011-07-07]",
    key = "svg"
}

@BOOK{kobltypo,
	title = "Praktick{\' a} typografie",
	author = "Pavel Ko{\v c}i{\v c}ka and Filip Bla{\v z}ek",
	publisher = "Brno: Computer Press",
	year = "2004"
}

@BOOK{rybicka,
	title = "LaTeX pro za\v c\'ate\v cn\'\i{}ky",
	author = "Ji{\v r}{\' i} Rybi{\v c}ka",
	isbn = "80-7302-049-1",
	publisher = "Brno: Konvoj",
	edition = "3"
}

@MANUAL{iso690,
	organization = "\'U\v rad pro technickou normalizaci, metrologii a st\'atn\'\i{} zku\v sebnictv\'\i{}",
	title = "\v CSN ISO 690 Informace a dokumentace -- Pravidla pro bibliografick\'e odkazy a citace informa\v cn\'\i{}ch zdroj{\r u}",
	year = "2011"
}

@MISC {tei-wiki,
    author = "{TEI Community}",
    title = "Editors {[online]}",
    note = "[cit. 2018-03-22]",
    url = "https://wiki.tei-c.org/index.php/Editors"
}

@INPROCEEDINGS{languages, 
    author={A. Parkhomenko and A. Sokolyanskii and O. Gladkova and S. Kurson}, 
    booktitle={2015 XI International Conference on Perspective Technologies and Methods in MEMS Design (MEMSTECH)}, 
    title={Investigation of remote lab design technologies}, 
    year={2015}, 
    note = "[cit. 2018-03-31]",
    volume={}, 
    number={}, 
    pages={92-95}, 
    keywords={computerised instrumentation;design;embedded systems;formal specification;formal verification;laboratories;systems analysis;embedded system design;remote lab design technology;remote laboratory software;requirement analysis;Computer architecture;Embedded systems;Organizations;Remote laboratories;Servers;Unified modeling language;Client-Server;Design Technologies;Embedded system design;Remote Lab;Web-applications;Web-programming language}, 
    doi={}, 
    ISSN={}, 
    month={Sept},
}

@MISC {database,
    author = "{Jennifer Champagne}",
    title = "The Top 7 Free and Open Source Database Software Solutions {[online]}",
    note = "[cit. 2018-04-3]",
    url = "https://blog.capterra.com/free-database-software/"
}

@BOOK {electronic-format,
    author = "{Pokorný Lukáš}",
    title = "Formáty elektronických knih: specifika a popularita",
    publisher = "Inflow: information journal {[online]}",
    ISSN={1802-9736.},
    year={2012},
    note = "[cit. 2018-04-5]",
    url = "http://www.inflow.cz/formaty-elektronickych-knih-jejich-specifika-popularita"
}
